<record><leader>00000cas a22000007a 4500</leader><controlfield tag="001">10293667</controlfield><controlfield tag="008">840112d19141947ohuwr ne      0    0eng d</controlfield><datafield ind1=" " ind2=" " tag="010"><subfield code="a">sn 91069202 </subfield></datafield><datafield ind1=" " ind2=" " tag="040"><subfield code="a">CRL</subfield><subfield code="b">eng</subfield><subfield code="c">CRL</subfield><subfield code="d">ONP</subfield><subfield code="d">NYG</subfield><subfield code="d">OCLCQ</subfield><subfield code="d">OCLCF</subfield><subfield code="d">OCLCO</subfield></datafield><datafield ind1="1" ind2=" " tag="029"><subfield code="a">AU@</subfield><subfield code="b">000020685141</subfield></datafield><datafield ind1=" " ind2=" " tag="042"><subfield code="a">msc</subfield></datafield><datafield ind1=" " ind2=" " tag="043"><subfield code="a">n-us-oh</subfield></datafield><datafield ind1="0" ind2="4" tag="245"><subfield code="a">The Josephinum weekly.</subfield></datafield><datafield ind1=" " ind2=" " tag="260"><subfield code="a">Columbus, Ohio :</subfield><subfield code="b">Pontifical College Josephinum,</subfield><subfield code="c">1914-1947.</subfield></datafield><datafield ind1=" " ind2=" " tag="300"><subfield code="a">v.</subfield></datafield><datafield ind1=" " ind2=" " tag="310"><subfield code="a">Weekly</subfield></datafield><datafield ind1="0" ind2=" " tag="362"><subfield code="a">Vol. 1, no. 1 (Nov. 28, 1914)-v. 33, n0. 6 (Feb. 12, 1947).</subfield></datafield><datafield ind1=" " ind2=" " tag="500"><subfield code="a">"For the Catholic home - the ideals of our country - the Faith of our Fathers."</subfield></datafield><datafield ind1=" " ind2="0" tag="650"><subfield code="a">Catholics</subfield><subfield code="z">Ohio</subfield><subfield code="z">Columbus</subfield><subfield code="v">Newspapers.</subfield></datafield><datafield ind1=" " ind2="7" tag="655"><subfield code="a">Newspapers.</subfield><subfield code="2">fast</subfield><subfield code="0">(OCoLC)fst01423814</subfield></datafield><datafield ind1=" " ind2="7" tag="650"><subfield code="a">Catholics.</subfield><subfield code="2">fast</subfield><subfield code="0">(OCoLC)fst00849297</subfield></datafield><datafield ind1=" " ind2="7" tag="651"><subfield code="a">Ohio</subfield><subfield code="z">Columbus.</subfield><subfield code="2">fast</subfield><subfield code="0">(OCoLC)fst01205076</subfield></datafield><datafield ind1=" " ind2=" " tag="752"><subfield code="a">United States</subfield><subfield code="b">Ohio</subfield><subfield code="c">Franklin</subfield><subfield code="d">COlumbus.</subfield></datafield><datafield ind1="0" ind2="0" tag="785"><subfield code="t">Josephinum review (Worthington, Ohio : 1947)</subfield><subfield code="w">(DLC)sn 91069203</subfield></datafield><datafield ind1=" " ind2=" " tag="936"><subfield code="a">Oct. 27, 1917.</subfield></datafield></record>